@article{model_ref1,
  title={Applying Knowledge from KDD to Recommender Systems},
  author={Sarwar, Badrul M and Konstan, Joseph A and Borchers, Al and Riedl, John T and Sarwar, Badrul M and Konstan, Joseph A and Riedl, John T},
  journal={University of Minnesota, Minneapolis},
  volume={1},
  number={612},
  pages={625--4002},
  year={1999}
}

@inproceedings{model_ref2,
 author = {Billsus, Daniel and Pazzani, Michael J.},
 title = {Learning Collaborative Information Filters},
 booktitle = {Proceedings of the Fifteenth International Conference on Machine Learning},
 series = {ICML '98},
 year = {1998},
 isbn = {1-55860-556-8},
 pages = {46--54},
 numpages = {9},
 url = {http://dl.acm.org/citation.cfm?id=645527.657311},
 acmid = {657311},
 publisher = {Morgan Kaufmann Publishers Inc.},
 address = {San Francisco, CA, USA},
} 

@misc{movielens,
  title={{MovieLens 100K Dataset}},
  howpublished={\url{http://grouplens.org/datasets/movielens/100k/}},
}

@incollection{nbrsurvey,
  title={A comprehensive survey of neighborhood-based recommendation methods},
  author={Desrosiers, Christian and Karypis, George},
  booktitle={Recommender systems handbook},
  pages={107--144},
  year={2011},
  publisher={Springer}
}

@article{model_ref3,
  title={Matrix Factorization: A Simple Tutorial and Implementation in Python},
  author={Albert Au Yeung},
  url = {http://www.quuxlabs.com/blog/2010/09/matrix-factorization-a-simple-tutorial-and-implementation-in-python/#source-code}
}